<record><leader>00000cas a2200000 a 4500</leader><controlfield tag="001">191806398</controlfield><controlfield tag="007">hd ||||||||||</controlfield><controlfield tag="008">080204d18971903flucr nea     0    0eng c</controlfield><datafield ind1=" " ind2=" " tag="010"><subfield code="a">  2008233229</subfield></datafield><datafield ind1=" " ind2=" " tag="040"><subfield code="a">GUA</subfield><subfield code="b">eng</subfield><subfield code="c">GUA</subfield><subfield code="d">GUA</subfield><subfield code="d">OCLCQ</subfield><subfield code="d">OCLCF</subfield><subfield code="d">OCLCO</subfield><subfield code="d">GUA</subfield></datafield><datafield ind1=" " ind2=" " tag="042"><subfield code="a">pcc</subfield></datafield><datafield ind1=" " ind2=" " tag="043"><subfield code="a">n-us-fl</subfield></datafield><datafield ind1=" " ind2=" " tag="090"><subfield code="a">AN12.J3</subfield><subfield code="b">F6</subfield></datafield><datafield ind1="0" ind2="4" tag="245"><subfield code="a">The Semi-weekly Florida times-union and citizen</subfield><subfield code="h">[microform].</subfield></datafield><datafield ind1="3" ind2="0" tag="246"><subfield code="a">Semi weekly times union and citizen</subfield></datafield><datafield ind1=" " ind2=" " tag="260"><subfield code="a">Jacksonville, Fla. :</subfield><subfield code="b">Florida Pub. Co.,</subfield><subfield code="c">1897-</subfield></datafield><datafield ind1=" " ind2=" " tag="300"><subfield code="a">v. :</subfield><subfield code="b">ill. ;</subfield><subfield code="c">57 cm.</subfield></datafield><datafield ind1=" " ind2=" " tag="310"><subfield code="a">Semiweekly</subfield></datafield><datafield ind1="0" ind2=" " tag="362"><subfield code="a">Vol. 32 (Sept. 10, 1897)-</subfield></datafield><datafield ind1="1" ind2=" " tag="362"><subfield code="a">Ceased in 1903.</subfield></datafield><datafield ind1=" " ind2=" " tag="500"><subfield code="a">George W. Wilson, editor.</subfield></datafield><datafield ind1=" " ind2=" " tag="580"><subfield code="a">Daily ed.: Florida times-union and citizen.</subfield></datafield><datafield ind1=" " ind2=" " tag="533"><subfield code="a">Microfilm.</subfield><subfield code="b">New York :</subfield><subfield code="c">Recordak.</subfield><subfield code="e">microfilm reels ; 35 mm.</subfield><subfield code="m">Sept. 1897-Dec. 1898.</subfield></datafield><datafield ind1=" " ind2=" " tag="539"><subfield code="a">d</subfield><subfield code="b">1897</subfield><subfield code="c">1903</subfield><subfield code="d">nyu</subfield><subfield code="e">c</subfield><subfield code="f">r</subfield><subfield code="g">a</subfield></datafield><datafield ind1=" " ind2="0" tag="651"><subfield code="a">Jacksonville (Fla.)</subfield><subfield code="v">Newspapers.</subfield></datafield><datafield ind1=" " ind2="0" tag="651"><subfield code="a">Duval County (Fla.)</subfield><subfield code="v">Newspapers.</subfield></datafield><datafield ind1=" " ind2="7" tag="651"><subfield code="a">Florida</subfield><subfield code="z">Duval County.</subfield><subfield code="2">fast</subfield><subfield code="0">(OCoLC)fst01205260</subfield></datafield><datafield ind1=" " ind2="7" tag="651"><subfield code="a">Florida</subfield><subfield code="z">Jacksonville.</subfield><subfield code="2">fast</subfield><subfield code="0">(OCoLC)fst01205259</subfield></datafield><datafield ind1=" " ind2="7" tag="655"><subfield code="a">Newspapers.</subfield><subfield code="2">fast</subfield><subfield code="0">(OCoLC)fst01423814</subfield></datafield><datafield ind1=" " ind2=" " tag="752"><subfield code="a">United States</subfield><subfield code="b">Florida</subfield><subfield code="c">Duval</subfield><subfield code="d">Jacksonville.</subfield></datafield><datafield ind1="1" ind2=" " tag="775"><subfield code="t">Florida times-union and citizen</subfield><subfield code="w">(DLC)  2008233233</subfield><subfield code="w">(OCoLC)191820426</subfield></datafield><datafield ind1="1" ind2=" " tag="776"><subfield code="t">Semi-weekly Florida times-union and citizen</subfield><subfield code="w">(DLC)sn 86063028</subfield><subfield code="w">(OCoLC)13118148</subfield></datafield><datafield ind1="0" ind2="5" tag="780"><subfield code="t">Florida farmer &amp; fruit grower (Jacksonville, Fla. : 1893)</subfield></datafield><datafield ind1="0" ind2="0" tag="780"><subfield code="t">Semi-weekly times-union (Jacksonville, Fla. : 1895)</subfield><subfield code="w">(DLC)  2008233244</subfield><subfield code="w">(OCoLC)191806100</subfield></datafield><datafield ind1="0" ind2="0" tag="785"><subfield code="t">Semi-weekly Florida times-union</subfield></datafield></record>